%Books

%-----------------------------Probability books
%An Introduction to the Theory of Point Processes - Daley
@book{Daley,
  title={{An Introduction to the Theory of Point Processes}},
  author={Daley, D. and Vere-Jones, D.},
  isbn={978-0-387-95541-4},
  series={Probability and Its Applications},
  url={https://www.springer.com/gp/book/9780387955414},
  year={2003},
  publisher={Springer-Verlag New York}
}



%Affine diffusions and related processes: simulation, theory and applications
@book{alfonsi2015affine,
  title={{Affine diffusions and related processes: simulation, theory and applications}},
  author={Alfonsi, Aur{\'e}lien and others},
  volume={6},
  year={2015},
  publisher={Springer}
}
%Articles



%--------------------------------Theory

%--------------------------------Sequential Importance Sampling

%--------------------------------Hawkes Processes



%--------------------------------Fire Ants
%Exotic spread of Solenopsis invicta Buren (Hymenoptera: Formicidae) beyond North America - Wetterer

@article{Wetterer,
  title={Exotic spread of Solenopsis invicta Buren (Hymenoptera: Formicidae) beyond North America},
  author={J. K. Wetterer},
  journal={Sociobiology},
  year={2013},
  volume={60},
  pages={50-55}
}

%Invader at the gate: The status of red imported fire ant in Australia and Asia - Wylie, Ross and Yang, Chin-Cheng S. and Tsuji, Kazuki

@article{Wylie2020,
  author = {Wylie, Ross and Yang, Chin-Cheng S. and Tsuji, Kazuki},
  title = {Invader at the gate: The status of red imported fire ant in Australia and Asia},
  journal = {Ecological Research},
  volume = {35},
  number = {1},
  pages = {6-16},
  doi = {10.1111/1440-1703.12076},
  url = {https://esj-journals.onlinelibrary.wiley.com/doi/abs/10.1111/1440-1703.12076},
  year = {2020}
}

%Red Imported Fire Ant in Australia: What if we lose the war? - Wylie, F. Ross and Janssen-May, Sharon

@article{WylieMay16,
  author = {Wylie, F. Ross and Janssen-May, Sharon},
  title = {Red Imported Fire Ant in Australia: What if we lose the war?},
  journal = {Ecological Management \& Restoration},
  volume = {18},
  number = {1},
  pages = {32-44},
  keywords = {agriculture, animals, environment, health, impact, infrastructure, lifestyle, Red Imported Fire Ant, Solenopsis invicta},
  doi = {10.1111/emr.12238},
  url = {https://onlinelibrary.wiley.com/doi/abs/10.1111/emr.12238},
  year = {2017}
}

%Agent-based Bayesian approach to monitoring the progress of invasive species eradication programs - Keith, Jonathan M. and Spring, Daniel

@article {Keith,
	author = {Keith, Jonathan M. and Spring, Daniel},
	title = {Agent-based Bayesian approach to monitoring the progress of invasive species eradication programs},
	volume = {110},
	number = {33},
	pages = {13428--13433},
	year = {2013},
	doi = {10.1073/pnas.1216146110},
	publisher = {National Academy of Sciences},
	issn = {0027-8424},
	URL = {https://www.pnas.org/content/110/33/13428},
	eprint = {https://www.pnas.org/content/110/33/13428.full.pdf},
	journal = {Proceedings of the National Academy of Sciences}
}

@article{Royle,
  author = {Royle, J. Andrew and KÃ©ry, Marc and Gautier, Roland and Schmid, Hans},
  title = {HIERARCHICAL SPATIAL MODELS OF ABUNDANCE AND OCCURRENCE FROM IMPERFECT SURVEY DATA},
  journal = {Ecological Monographs},
  volume = {77},
  number = {3},
  pages = {465-481},
  keywords = {animal abundance, Bayesian analysis, detection probability, hierarchical models, monitoring data, occurrence probability, spatial coverage bias, spatial modeling},
  doi = {10.1890/06-0912.1},
  url = {https://esajournals.onlinelibrary.wiley.com/doi/abs/10.1890/06-0912.1},
  eprint = {https://esajournals.onlinelibrary.wiley.com/doi/pdf/10.1890/06-0912.1},
  year = {2007}
}







